@article{I5901,
   author    = {O. B. Firsov},
   title     = {A Qualitative Interpretation of the Mean Electron 
       Excitation Energy in Atomic Collisions},
   journal   = {Sov. Phys. JETP},
   pages     = {1076--1080},
   year      = {1959},
   volume    = {36(9)},
   number    = {5},
   keywords  = {stopping}
}


@article{I6101,
    title = {Energy Dissipation by Ions in the keV Region},
    volume = {124},
    number = {1},
    journal = {Phys. Rev.},
    author = {Lindhard, J. and Scharff, M.},
    year = {1961},
    pages = {128--130}
}

@article{I6902,
   author    = {P. Sigmund},
   title     = {On the Number of Atoms Displaced by Implanted Ions or
       Energetic Recoil Atoms},
   journal   = {Appl. Phys. Lett.},
   pages     = {114--117},
   year      = {1969},
   volume    = {14},
   number    = {3},
   keywords  = {damage}
}


@article{I6909,
    title    = {Theory of Sputtering. {I}. Sputtering Yield of Amorphous and 
        Polycrystalline Targets},
    volume   = {184},
    number   = {2},
    journal  = {Phys. Rev.},
    author   = {Sigmund, Peter},
    year     = {1969},
    pages    = {383--416}
}

@article{I7102,
   author    = {J. H. Barrett},
   title     = {{M}onte {C}arlo Channeling Calculations},
   journal   = {Phys. Rev.},
   pages     = {1527--1547},
   year      = {1971},
   volume    = {B~3},
   number    = {5},
   keywords  = {crystalline, temperature, experimental, MC}
}

@article{I7401,
   author    = {M. T. Robinson AND I. M. Torrens},
   title     = {Computer Simulation of Atomic-Displacement Cascades in
       Solids in the Binary-Collision Approximation},
   journal   = {Phys. Rev.},
   pages     = {5008--5024},
   year      = {1974},
   volume    = {B~9},
   number    = {12},
   keywords  = {crystalline, MC, stopping}
}

@article{I7403,
   author    = {D. S. Gemmell},
   title     = {Channeling and Related Effects in the Motion of Charged
       Particles through Crystals},
   journal   = {Rev. Mod. Phys.},
   pages     = {129--227},
   year      = {1974},
   volume    = {46},
   number    = {1},
   keywords  = {crystalline}
}

@article{I7504,
   author    = {M. J. Norgett AND M. T. Robinson AND I. M. Torrens},
   title     = {A Proposed Method of Calculating Displacement Dose Rates},
   journal   = {Nucl. Eng. Des.},
   pages     = {50--54},
   year      = {1975},
   volume    = {33},
   keywords  = {damage}
}

@article{I7607,
   author    = {O. S. Oen AND M. T. Robinson},
   title     = {Computer Studies of the Reflection of Light Ions from
       Solids},
   journal   = {Nucl. Instr. Meth.},
   pages     = {647--653},
   year      = {1976},
   volume    = {132},
   keywords  = {crystalline, MC, stopping}
}

@article{I8001,
   author    = {J. P. Biersack AND L. G. Haggmark},
   title     = {A {M}onte {C}arlo Computer Program for the Transport of
       Energetic Ions in Amorphous Targets},
   journal   = {Nucl. Instr. Meth.},
   pages     = {257--269},
   year      = {1980},
   volume    = {174},
   keywords  = {MC, stopping}
}

@book{I8512,
   author    = {J. F. Ziegler AND J. P. Biersack AND U. Littmark},
   title     = {The Stopping and Range of Ions in Solids},
   year      = {1985},
   publisher = {Pergamon Press, New York},
   keywords  = {Boltzmann, damage, high energy, MC, sputtering,
       stopping}
}

@inproceedings{I8730,
   author    = {G. Hobler AND S. Selberherr},
   editor    = {J. J. H. Miller},
   title     = {Efficient Two-Dimensional {M}onte {C}arlo Simulation of Ion
       Implantation},
   booktitle = {NASECODE V},
   pages     = {225--230},
   year      = {1987},
   publisher = {Boole Press, Dublin},
   keywords  = {MC, 2D}
}

@Article{I8848,
  author =       {J. Tersoff},
  title =        {Empirical interatomic potential for silicon with
                  improved elastic properties},
  journal =      {Phys. Rev.},
  year =         1988,
  volume =       {B~38},
  number =       14,
  pages =        {9902--9905}
}

@inproceedings{I9370,
   author    = {G. Hobler and H. P\"otzl},
   title     = {Electronic Stopping of Channeled Ions in Silicon},
   booktitle = {Mat. Res. Soc. Symp. Proc.},
   pages     = {165--170},
   year      = 1993,
   publisher = {MRS, Pittsburgh},
   volume    = 279
}

@inproceedings{I9372,
   author    = {G. Hobler},
   editor    = {J. J. H. Miller},
   title     = {The Role of Lattice Vibrations and Interatomic
       Potentials in the Simulation of Ion Implantation},
   booktitle = {NASECODE IX},
   pages     = {55--56},
   year      = 1993,
   publisher = {Front Range Press, Boulder, Colorado}
}

@article{I9502,
   author    = {K. G\"artner and D. Stock and B. Weber and G. Betz
       and M. Hautala and G. Hobler and M. Hou and S.
       Sarite and W. Eckstein and J. J. Jimenez-Rodriguez
       and A. M. C. Perez-Martin and E. P. Andribet and V.
       Konoplev and A. Gras-Marti and M. Posselt and M. H.
       Shapiro and T. A. Tombrello and H. M. Urbassek and H.
       Hensel and Y. Yamamura and W. Takeuchi},
   title     = {Round Robin Computer Simulation of Ion Transmission
       Through Thin Crystalline Layers},
   journal   = {Nucl. Instrum. Meth. B},
   pages     = {183--197},
   year      = {1995},
   volume    = {102},
   doi       = {10.1016/0168-583X(95)0489-0}
}

@article{I9504,
   author    = {G. Hobler AND A. Simionescu AND L. Palmetshofer AND C.
       Tian AND G.  Stingeder},
   title     = {Boron Channeling Implantations in Silicon: Modeling of
       Electronic Stopping and Damage Accumulation},
   journal   = {J. Appl. Phys.},
   pages     = {3697--3703},
   year      = 1995,
   volume    = 77,
   number    = 8
}

@article{I9505,
   author    = {G. Hobler AND A. Simionescu},
   title     = {Acceleration of Binary Collision Simulations in
       Crystalline Targets using Critical Angles for Ion
       Channeling},
   journal   = {Nucl. Instrum. Meth. B},
   pages     = {24--28},
   year      = {1995},
   volume    = {102},
   doi       = {10.1016/0168-583X(94)00792-6}
}

@article{I9506,
   author    = {G. Hobler},
   title     = {{M}onte {C}arlo Simulation of Two-Dimensional
       Implanted Dopant Distributions at Mask Edges},
   journal   = {Nucl. Instrum. Meth. B},
   pages     = {155--162},
   year      = {1995},
   volume    = {96},
   keywords  = {stopping, crystalline},
   doi       = {10.1016/0168-583X(94)00476-5}
}

@article{I9507,
   author    = {A. Simionescu and S. Herzog and G. Hobler and R.
       Schork and J. Lorenz and C. Tian and G. Stingeder},
   title     = {Modeling of Electronic Stopping and Damage
       Accumulation during Arsenic Implantation in Silicon},
   journal   = {Nucl. Instrum. Meth. B},
   pages     = {483--489},
   year      = {1995},
   volume    = {100},
   doi       = {10.1016/0168-583X(95)00345-2}
}

@inproceedings{I9509,
   author    = {A. Simionescu and G. Hobler},
   title     = {Comparison of Damage Accumulation Models for Boron
       Implantation in Silicon},
   booktitle = {Mat. Res. Soc. Symp. Proc.},
   pages     = {221--226},
   year      = 1995,
   publisher = {MRS, Pittsburgh},
   volume    = {389}
}

@article{I9511,
   author    = {A. Simionescu and G. Hobler and S. Bogen and L. Frey
       and H. Ryssel},
   title     = {Model for the Electronic Stopping of Channeled Ions
       in Silicon Around the Stopping Power Maximum},
   journal   = {Nucl. Instrum. Meth. B},
   pages     = {47--50},
   year      = 1995 ,
   volume    = {106},
   doi       = {10.1016/0168-583X(95)00676-1}
}

@inproceedings{I9520,
   author    = {S. Herzog and A. Simionescu and G. Hobler and L.
       Palmetshofer and K. Piplits and M. Grasserbauer},
   editor    = {H. C. de Graaff and H. van Kranenburg},
   title     = {Monte {C}arlo simulation of channeled phosphorus
       implantations in silicon},
   booktitle = {ESSDERC 95},
   pages     = {187--190},
   year      = 1995,
   publisher = {Editions Frontieres, Gif sur Yvette Cedex}
}

@inproceedings{I9521,
   author    = {A. Simionescu and G. Hobler and F. Lau},
   editor    = {H. Ryssel and P. Pichler},
   title     = {{M}onte {C}arlo simulation of multiple-species ion
       implantation and its application to the modeling of
       0.1~$\mu$ {PMOS} devices},
   booktitle = {Simulation of Semiconductor Devices and Processes, Vol.~6},
   pages     = {484--487},
   year      = 1995,
   publisher = {Springer, Wien}
}

@inproceedings{I9603,
   author    = {G. Hobler},
   editor    = {G. R. Srinivasan and C. S. Murthy and S. T. Dunham},
   title     = {Net point defect concentrations after ion
       implantation in silicon},
   booktitle = {Process Physics and Modeling in Semiconductor Technology},
   pages     = {509--521},
   year      = {1996},
   publisher = {The Electrochem. Soc., Pennington}
}

@article{I9610,
   author    = {G. Hobler and A. Simionescu and L. Palmetshofer and
                  F. Jahnel and R. von Criegern and C. Tian and
                  G. Stingeder},
   title     = {Verification of models for the simulation of boron
                  implantation into crystalline silicon},
   journal   = {J. Vac. Sci. Technol.},
   pages     = {272--277},
   year      = {1996},
   volume    = {B~14},
   number    = {1}
}

@Article{Kre96,
  author =       {G. Kresse and J. Furthm\"{u}ller},
  title =        {Efficiency of ab-initio total energy calculations
                  for metals and semiconductors using a plane-wave
                  basis set},
  journal =      {Comput. Mater. Sci.},
  year =         1996,
  volume =       6,
  pages =        {15--50}
}

@article{I9701,
   author    = {G. Hobler and G. Fehlmann},
   title     = {A study of ultra-shallow implanted dopant profiles in
       silicon using {BC} and {MD} simulations},
   journal   = {Radiat. Eff. Def. Sol.},
   pages     = {113--125},
   year      = {1997},
   volume    = {141}
}

@InProceedings{I9761,
  author = 	 {G. Hobler and H.-H. Vuong and J. Bevk and A. Agarwal
		  and H.-J. Gossmann and D. C. Jacobson and M. Foad and
		  A. Murrell and Y. Erokhin},
  title = 	 {Modeling of ultra-low energy boron implantation in
		  silicon},
  pages =	 {489--492},
  booktitle =	 {1997 IEDM Techn. Dig.},
  year =	 1997,
  publisher =	 {IEEE, Piscataway}
}


@article{I9766,
    title = {Kinetics of ion-beam-induced interfacial amorphization in silicon},
    volume = {82},
    number = {11},
    journal = {J. Appl. Phys.},
    author = {Henkel, T. and Heera, V. and Kögler, R. and Skorupa, W. and Seibt, M.},
    year = {1997},
    pages = {5360--5373}
}

@Article{I9808,
  author = 	 {R. von Criegern and F. Jahnel and R. Lange-Gieseler
		  and P. Pearson and G. Hobler and A. Simionescu},
  title = 	 {Verification of ``lateral secondary ion mass
		  spectrometry'' as a method for measuring lateral
		  dopant dose distributions in microelectronics test
		  structures},
  journal =	 {J. Vac. Sci. Technol.},
  year =	 1998,
  volume =	 {B~16},
  number =	 1,
  pages =	 {386--393}
}


@article{I9848,
    title = {Energy loss and straggling of {H} and {He} ions of {keV} energies in {Si}},
    volume = {136–138},
    journal = {Nucl. Instrum. Meth. B},
    author = {Konac, G. and Kalbitzer, S. and Klatt, C. and Niemann, D. and Stoll, R.},
    year = {1998},
    pages = {159--165}
}

@InProceedings{A9903,
  author =       {G. Hobler and L. Pelaz and C. S. Rafferty},
  title =        {Dose, energy, and ion species dependence of the
                  effective plusfactor for transient enhanced diffusion},
  booktitle =    {Process Physics and Modeling in Semiconductor Technology},
  editor =       {G. R. Srinivasan and C. S. Murthy and S. T. Dunham},
  year =         1999,
  publisher =    {The Electrochem. Soc., Pennington},
  pages =        {75--86}
}

@Article{I9901,
  author =       {G. Hobler and J. Bevk and A. Agarwal},
  title =        {Channeling of low-energy implanted ions through the
                  poly-{Si} gate},
  journal =      {IEEE Electron Dev. Lett.},
  year =         1999,
  volume =       {20},
  number =       {7},
  pages =        {357--359}
}

@Article{Koh99,
  author =       {M. Kohyama and S. Takeda},
  title =        {First-principle calculations of the self-interstitial
                  cluster {{I}$_{4}$ in {Si}}},
  journal =      {Phys. Rev.},
  year =         1999,
  volume =       {B~60},
  number =       11,
  pages =        {8075--8080}
}

@Article{Leu99,
  author =       {W. K. Leung and R. J. Needs and G. Rajagopal and S. Itoh
                  and S. Ihara},
  title =        {Calculations of silicon self-interstitial defects},
  journal =      {Phys. Rev. Lett.},
  year =         1999,
  volume =       {83},
  number =       12,
  pages =        {2351--2354}
}

@Article{I0101,
  author =       {G. Hobler and G. Betz},
  title =        {On the useful range of application of molecular
                  dynamics simulations in the recoil interaction
                  approximation},
  journal =      {Nucl. Instrum. Meth. B},
  year =         2001,
  volume =       {180},
  pages =        {203--208},
  doi =          {10.1016/S0168-583X(01)00418-9}
}

@InProceedings{I0104,
  author =       {G. Hobler and C. S. Murthy},
  title =        {Towards a comprehensive model of electronic stopping
                  in amorphous and crystalline silicon},
  booktitle =    {Ion Implantation Technology---2000},
  year =         2000,
  publisher =    {IEEE},
  pages =        {209--212}
}

@Article{Bal02,
  author =       {S. Balboni and E. Albertazzi and M. Bianconi and G. Lulli},
  title =        {Atomistic modeling of ion channeling in {Si} with point
                  defects: The role of lattice relaxation},
  journal =      {Phys. Rev.},
  year =         2002,
  volume =       {B~66},
  pages =        {045202--}
}

@Article{Lul04,
  author =       {G. Lulli and M. Bianconi and A. Parisini and
                  E. Napolitani},
  title =        {Structural characterization and modeling of damage
                  accumulation in {In} implanted {Si}},
  journal =      {J. Appl. Phys.},
  year =         2004,
  volume =       95,
  number =       1,
  pages =        {150--155}
}

@Article{Ric04,
  author =       {D. A. Richie and J. Kim and S. A. Barr and
                  K. R. A. Hazzard and R. Hennig and J. W. Wilkins},
  title =        {Complexity of small silicon self-interstitial defects},
  journal =      {Phys. Rev. Lett.},
  year =         2004,
  volume =       92,
  number =       4,
  pages =        045501
}

@Article{Hob05a,
  author =       {G. Hobler and K. K. Bourdelle and T. Akatsu},
  title =        {Random and channeling stopping power of {H} in {Si}
                  below 100~{keV}},
  journal =      {Nucl. Instrum. Meth. B},
  year =         2006,
  volume =       {242},
  pages =        {617--619}
}

@misc{SRIM,
    title = {{SRIM}-2013, http://www.srim.org},
    url = {http://www.srim.org},
    author = {{J.F. Ziegler}},
    year = {2013}
}


@article{Moe85,
    title = {Ion mixing and recoil implantation simulations by means of {TRIDYN}},
    volume = {7–8, Part 2},
    issn = {0168-583X},
    doi = {10.1016/0168-583X(85)90448-3},
    abstract = {The dynamic version of the TRIM sputtering binary collision simulation program has been modified to adequately treat the collisional mixing during ion bombardment. Results for the broadening of marker layers and interfaces are compared to analytical theory and experiment. A suitable choice of the recoil generation cutoff energy of 8 eV yields satisfactory agreement between simulations and selected experimental results. For these cases, this suggests the existence of purely collisional mixing phenomena.},
    journal = {Nucl. Instrum. Meth. Phys. Res. B},
    author = {M\"{o}ller, W. and Eckstein, W.},
    year = {1985},
    pages = {645--649}
}